

@article{radford2019language,
  title={Language models are unsupervised multitask learners},
  author={Radford, Alec and Wu, Jeffrey and Child, Rewon and Luan, David and Amodei, Dario and Sutskever, Ilya and others},
  journal={OpenAI blog},
  volume={1},
  number={8},
  pages={9},
  year={2019}
}

@article{chen2021evaluating,
  title={Evaluating large language models trained on code},
  author={Chen, Mark and Tworek, Jerry and Jun, Heewoo and Yuan, Qiming and Pinto, Henrique Ponde de Oliveira and Kaplan, Jared and Edwards, Harri and Burda, Yuri and Joseph, Nicholas and Brockman, Greg and others},
  journal={arXiv preprint arXiv:2107.03374},
  year={2021}
}

@misc{arefin2023unmasking,
      title={Unmasking the giant: A comprehensive evaluation of ChatGPT's proficiency in coding algorithms and data structures}, 
      author={Sayed Erfan Arefin and Tasnia Ashrafi Heya and Hasan Al-Qudah and Ynes Ineza and Abdul Serwadda},
      year={2023},
      eprint={2307.05360},
      archivePrefix={arXiv},
      primaryClass={cs.SE}
}